@article{aizawa,
    Author = {Aizawa, A},
    Journal = {Information Processing \& Management},
    Number = {1},
    Pages = {45-65},
    Title = {An information-theoretic perspective of tf–idf measures},
    Volume = {39},
    Year = {2003}}

@article{anscombe,
    Author = {Anscombe, F J and Tukey, J W},
    Journal = {Technometrics},
    Number = {2},
    Pages = {141-160},
    Title = {The examination and analysis of residuals},
    Volume = {5},
    Year = {1963}}
    
@book{barbasi,
  author = {Barbasi, A L},
  publisher = {Penguin Group},
  Address = {New York, New York},
  title = {Linked},
  year = {2002}
}

@article{barbasi2,
  Author = {Barbasi, A L},
  Title = {The origin of bursts and heavy tails in human dynamics},
  Journal = {Nature},
  Volume = {435},
  Number = {7039},
  Pages = {207-211},
  Year = {2005}
}

@article{blei,
    Author = {Blei, D M and Ng, A Y and Jordan, M I},
    Journal = {Journal of machine Learning research},
    Month = {January},
    Pages = {993-1022},
    Title = {The examination and analysis of residuals},
    Volume = {3},
    Year = {2003}}
    
@book{brabham,
    Author = {Brabham, D C},
    Publisher = {MIT Press},
    Title = {Crowdsourcing},
    Year = {2013},
    Pages = {3-4},
    Address = {Cambridge}}
    
@article{brabham2,
    Author = {Brabham, D C},
    Journal = {Convergence},
    Title = {Crowdsourcing as a model for problem solving: An introduction and cases},
    Volume = {14},
    Number = {1},
    Year = {2008},
    Pages = {75-90}
}

@article{camara,
    Author = {Camara, G and Fonseca F},
    Title = {Information policies and open source software in developing countries},
    Journal = {Journal of the American society for information science and technology},
    Pages = {121-132},
    Volume = {58},
    Issue = {1},
    Year = {2007}
}

@article{chatterjee,
    Author = {Chatterjee, R and Ahmed, A and Anish, PR},
    Title = {Identification and Classification of Architecturally Significant Functional Requirements},
    Journal = {2020 IEEE Seventh International Workshop on Artificial Intelligence for Requirements Engineering (AIRE)},
    Year = {2020},
    Pages = {9-17}
}

@misc{javascript,
  author       = {Chen, C}, 
  title        = {Awesome JavaScript},
  howpublished = {GitHub Repository},
  month        = {June},
  year         = {2019},
  note         = {https://github.com/sorrycc/awesome-javascript}
}

@misc{python,
  author       = {Chen, V}, 
  title        = {Awesome Python},
  howpublished = {GitHub Repository},
  month        = {June},
  year         = {2019},
  note         = {https://github.com/vinta/awesome-python}
}

@misc{cnn,
  author       = {CNN/Daily Mail}, 
  title        = {News Summarization Data Set},
  howpublished = {GitHub Repository},
  month        = {November},
  year         = {2020},
  note         = {https://www.tensorflow.org/datasets/catalog/cnn\_dailymail}
}

@article{crowston,
    Author = {Crowston, K and Howison, J},
    Year = {2016},
    Title = {FLOSS Project Effectiveness Measures. Successful OSS Project Design and Implementation: Requirements, Tools, Social Designs and Reward Structure},
    Journal = {Business Insider},
    Pages = {149}
}

@article{dalpiaz,
    Author = {Dalpiaz, F and Ferrari, A and Franch, X and Palomares, C},
    Journal = {IEEE software},
    Number = {5},
    Pages = {115-119},
    Title = {Natural language processing for requirements engineering: The best is yet to come},
    Volume = {35},
    Year = {2018}}

@article{damian,
    Author = {Damian, D and Marczak, S and Kwan, I},
    Journal = {15th IEEE International Requirements Engineering Conference},
    Pages = {59-68},
    Title = {Collaboration patterns and the impact of distance on awareness in requirements-centred social network},
    Year = {2007}}

@article{derkson,
    Author = {Derksen, S and Keselman, H J},
    Journal = {British Journal of Mathematical and Statistical Psychology},
    Number = {2},
    Volume = {45},
    Pages = {265-282},
    Title = {Backward, forward and stepwise automated subset selection algorithms: Frequency of obtaining authentic and noise variables},
    Year = {1992}}
    
@article{bert,
    Author = {Devlin, J and Chang, M and Lee, K and Toutanova, K},
    Journal = {Proceedings of the 2019 Conference of the North American Chapter of the Association for Computational Linguistics: Human Language Technologies, Volume 1 (Long and Short Papers)},
    Pages = {4171–4186},
    Title = {BERT: Pre-training of  deep bidirectional transformers for language understanding},
    Volume = {1},
    Year = {2019}
} 
    
@book{diestel,
  author = {Diestel, Reinhard},
  month = {August},
  priority = {2},
  publisher = {Springer},
  title = {Graph Theory (Graduate Texts in Mathematics)},
  year = {2005}
}
    
@article{doan,
    Author = {Doan, R  and Ramakrishnan, R and Halev, Y},
    Journal = {Communications of the ACM},
    Number = {4},
    Volume = {54},
    Pages = {86-96},
    Title = {Crowdsourcing World-Wide on the Systems Webs},
    Year = {2011}}

@article{edunov,
    Author = {Edunov, S and Ott, M and Grangier, D},
    Journal = {preprint arXiv},
    Title = {Understanding back-translation at scale},
    Year = {2018}}

@article{erdos,
    Author = {Erdos, P and Renyi, A},
    Journal = {Publ. Math. Inst. Hung. Acad. Sci},
    Year = {1960},
    Pages = {17-60},
    Title = {On the evolution of random graphs},
    Volume = {5},
    Number = {1}
}

@article{estelles,
    Author = {Estelles-Arolas, E and Gonzales-Ladron-de-Guevara, F},
    Title = {Towards an integrated crowdsourcing definition},
    Journal = {Journal of Information Science},
    Volume = {38},
    Number = {2},
    Year = {2012},
    Pages = {189-200}
}

@book{fahrmeir,
    Author = {Fahrmeir, L and Kneib, T and Lang, S and Marx, B},
    Publisher = {Springer-Verlag Berlin},
    Title = {Regression},
    Year = {2007},
    Pages = {300-301},
    Address = {Heidelberg}}

@misc{cpp,
  author       = {Fallahi, F}, 
  title        = {Awesome C++},
  howpublished = {GitHub Repository},
  month        = {June},
  year         = {2019},
  note         = {https://github.com/fffaraz/awesome-cpp}
}

@article{finkelstein,
    Author = {Finkelstein, A},
    Journal = {Proceedings of 1st Asia-Pacific Software Engineering Conference},
    Pages = {10-19},
    Title = {Requirements Engineering: a review and research agenda},
    Year = {1994}}
    
@article{ferrari,
    Author = {Ferrari, S and Cribari-Neto, F},
    Journal = {Journal of applied statistics},
    Pages = {799-815},
    Volume = {31},
    Number = {7},
    Title = {Beta regression for modelling rates and proportions},
    Year = {2004}}

@book{friedman,
    Author = {Friedman, J and Hastie, T and Tibshirani, R},
    Publisher = {Springer series in statistic},
    Title = {The elements of statistical learning (Vol. 1, No. 10)},
    Year = {2001},
    Pages = {60-61},
    Address = {New York}}
    
@article{ghapanchi,
    Author = {Ghapanchi, A and Aurum, A and Low, G},
    Year = {2011},
    Title = {A taxonomy for measuring the success of open source software projects},
    Journal = {First Monday}
}

@book{gerth,
    Author = {Gerth, R J and Burnap, A and Papalambros, P},
    Publisher = {Michigan University},
    Title = {Crowdsourcing: A primer and its implications for systems engineering},
    Year = {2012},
    Address = {Ann Arbor}}

@book{gini,
    Author = {Gini, C},
    Publisher = {Libreria Eredi Virgilio Veschiy},
    Title = {Variabilità e mutabilità. Reprinted in Memorie di metodologica statistica (Ed. Pizetti E, Salvemini, T)},
    Year = {1912},
    Address = {Rome}}

@article{gini2,
    Author = {Gini, C},
    Journal = {The Economic Journals},
    Number = {121},
    Volume = {31},
    Pages = {124-126},
    Title = {Measurement of inequality of incomes},
    Year = {1921}}
    
@article{glinz,
    Author = {Glinz, M},
    Journal = {Proc. REW 2019},
    Year = {2019},
    Title = {CrowdRE: Achievements, Opportunities and Pitfall}
}


@article{groen,
    Author = {Groen, E C and Seyff, N and Ali, R and Dalpiaz, F and Doerr, J and Guzman, E and Stade, M},
    Journal = {IEEE software},
    Number = {2},
    Volume = {34},
    Pages = {44-52},
    Title = {The crowd in requirements engineering: The landscape and challenges},
    Year = {2017}}

@article{hey,
    Author = {Hey, T and Keim, J and Koziolek, A and Tichy, W},
    Journal = {2020 IEEE 28th International Requirements Engineering Conference (RE)},
    Pages = {169-179},
    Title = {NoRBERT: Transfer learning for requirements classification},
    Year = {2020}} 

@article{holland,
    Author = {Holland, PW and Leinhardt, S},
    Journal = {Comparative group studies},
    Number = {2},
    Volume = {2},
    Pages = {107-124},
    Title = {Transitivity in structural models of small groups},
    Year = {1971}}

@book{howe2,
    Author = {Howe, J},
    Publisher = {Random House},
    Title = {Crowdsourcing: How the power of the crowd is driving the future of business},
    Year = {2008}}

@article{howe,
    Author = {Howe, J},
    Journal = {Wired},
    Number = {6},
    Volume = {14},
    Pages = {1-4},
    Title = {The rise of crowd-sourcing},
    Year = {2006}}

@misc{hosseini,
    Author = {Hosseini, M and Phalp, K T and Taylor, J and Ali, R},
    Title = {Towards crowdsourcing for requirements engineering},
    Year = {2014}}
    
@book{incose,
    Author = {INCOSE},
    Publisher = {Wiley},
    Title = {Systems Engineering Handbook: A Guide for System Life Cycle Processes and Activities, Fourth Edition},
    Year = {2015}
}

@article{iqbal,
    Author = {Iqbal, T and Elahidoost, P and Lucio, L},
    Journal = {2018 25th Asia-Pacific Software Engineering Conference (APSEC)},
    Title = {A Bird's Eye View on Requirements Engineering and Machine Learning},
    Year = {2018},
    Pages = {11-20}}

@article{iyer,
    Author = {Iyer, D G and Lyytinen, K},
    Journal = {Requirements Engineering},
    Number = {5},
    Volume = {15},
    Title = {Requirements engineering (RE) effectiveness in open source software: the role of social network configurations and requirements properties},
    Year = {2019}}


@article{kaliyar,
    Author = {Kaliyar, RM},
    Journal = {2020 10th International Conference on Cloud Computing, Data Science \& Engineering (Confluence)},
    Pages = {336-340},
    Title = {A Multi-layer Bidirectional Transformer Encoder for Pre-trained Word Embedding: A Survey of BERT},
    Year = {2020}}
    
@article{khan,
    Author = {Khan, JA and Liu, L and Wen, L and Ali, R},
    Title = {Crowd Intelligence in Requirements Engineering: Current Status and Future Directions},
    Journal = {Proc. REFSQ 2019, LNCS 11412},
    Year = {2019},
    Pages = {45-261}
}

@article{kluender,
    Author = {Kluender, J and Schneider, K and Kortum, F and Straube, J and Handke, L and Kauffeld, S},
    Title = {Communication in teams-an expression of social conflict},
    Journal = {In Human-Centered and Error-Resilient Systems Development},
    Year = {2016},
    Pages = {111-129}
}
    
@article{kuriakose,
    Author = {Kuriakose, J and Parsons, J},
    Journal = {In 2015 IEEE Fifth International Workshop on Empirical Requirements Engineering (EmpiRE)},
    Title = {How do open source software (OSS) developers practice and perceive requirements engineering? An empirical study},
    Pages = {49-56},
    Year = {2015}
}    
    
@misc{java,
  author       = {Kull, A}, 
  title        = {Awesome Java},
  howpublished = {GitHub Repository},
  month        = {June},
  year         = {2019},
  note         = {https://github.com/akullpp/awesome-java}
}

@article{kostakis,
  author = {Kostakis, V and Papachristou, M},
  title = {Commons-based peer production and digital fabrication: The case of a RepRap-based, Lego-built 3D printing-milling machine},
  journal = {Telematics and Information},
  volume = {31},
  number = {3},
  year = {2014},
  pages = {434-443}
}

@article{latoza,
    Author = {LaToza, T D and Van Der Hoek, A},
    Journal = {IEEE software},
    Number = {1},
    Volume = {33},
    Title = {Crowdsourcing in software engineering: Models, motivations, and challenge},
    Pages = {74-80},
    Year = {2015}}
    
@article{latoza2,
    Author = {LaToza, T D and Towne, B and Van Der Hoek, A and Herbsleb, J},
    Journal = {Proceedings of the International Workshop on Cooperative and Human Aspects of Software Engineering (CHASE), IEEE},
    Title = {Crowd Development},
    Volume = {6},
    Year = {2013},
    Pages = {85-88}
}

@book{latour,
    Author = {Latour, Bruno},
    Journal = {Journal of Economic Sociology},
    Title = {Reassembling the social. An introduction to actor-network-theory},
    Publisher = {Oxford University Press},
    Address = {Oxford},
    Year = {2005}
}

@article{levy,
    Author = {Levy, M and  Hadar, I and Te'eni, D},
    Journal = {2015 IEEE 1st International Workshop on Crowd-Based Requirements Engineering (CrowdRE)},
    Title = {A gradual approach to crowd-based requirements engineering: The case of conference online social networks},
    Pages = {25-30},
    Year = {2015}}

@article{bart,
    Author = {Lewis, M and Liu, Y and Goyal, N and Ghazvininejad, M and Mohamed, A and Levy, O and Stoyanov, V and Zettlemoyer, L},
    Year = {2019},
    Title = {Bart: Denoising sequence-to-sequence pre-training for natural language generation, translation, and comprehension},
    Journal = {arXiv preprint}
}

@article{stakerare,
    Author = {Lim, S L and Finkelstein, A},
    Journal = {IEEE transactions on software engineering},
    Number = {3},
    Volume = {38},
    Pages = {707-735},
    Title = {StakeRare: using social networks and collaborative filtering for large-scale requirements elicitation},
    Year = {2011}}

@article{stakenet,
    Author = {Lim, S L and Quercia, D and Finkelstein, A},
    Journal = {2010 ACM/IEEE 32nd International Conference on Software Engineering},
    Volume = {1},
    Pages = {295-304},
    Title = {StakeNet: using social networks to analyse the stakeholders of large-scale software projects},
    Year = {2010}}
    
@article{stakesource,
    Author = {Lim, S L and Quercia, D and Finkelstein, A},
    Journal = {2010 ACM/IEEE 32nd International Conference on Software Engineering},
    Volume = {2},
    Title = {StakeSource: harnessing the power of crowdsourcing and social networks in stakeholder analysis},
    Year = {2010}}

@article{lim,
    Author = {Lim, S L and Ncube, C},
    Journal = {8th International Conference on System of Systems Engineering},
    Pages = {13-18},
    Title = {Social networks and crowdsourcing for stakeholder analysis in system of systems projects},
    Year = {2013}}

@article{linaker,
    Author = {Linåker, J and Regnell, B and Damian, D},
    Journal = {Requirements Engineering},
    Number = {1},
    Volume = {25},
    Pages = {115-130},
    Title = {A method for analyzing stakeholders’ influence on an open source software ecosystem’s requirements engineering process},
    Year = {2020}}

@article{lopez,
    Author = {Lopez-Fernandez, L and Robles, G and Gonzalez-Barahona, J},
    Title = {Applying Social Network Analysis to the Information in CVS Repositories},
    Journal = {MSR},
    Volume = {2004},
    Year = {2004}
}

@article{ma,
    Author = {Ma, Q},
    Title = {The effectiveness of requirements prioritization techniques for a medium to large number of requirements: a systematic literature review},
    Journal = {Doctoral dissertation, Auckland University of Technology},
    Year = {2009}
}

@article{madala,
    Author = {Madala, K and Piparia, S and Blanco, E},
    Title = {Model elements identification using neural networks: a comprehensive study},
    Journal = {Requirements Engineering},
    Year = {2020}
}

@article{mao,
    Author = {Mao, K and Capra, L and Harman, M and Jia, Y},
    Journal = {Journal of Systems and Software},
    Volume = {126},
    Pages = {57-84},
    Title = {A survey of the use of crowdsourcing in software engineering},
    Year = {2017}}

@article{massey,
    Author = {Massey Jr, FJ },
    Journal = {Journal of the American statistical Association},
    Volume = {46},
    Number = {253},
    Pages = {68-78},
    Title = {The Kolmogorov-Smirnov test for goodness of fit},
    Year = {1951}}

@article{missonier,
    Author = {Missonier, S and Loufrani-Fedida, S},
    Journal = {International Journal of Project Management},
    Volume = {32},
    Number = {7},
    Pages = {1108-1122},
    Title = {Stakeholder analysis and engagement in projects: From stakeholder relational perspective to stakeholder relational ontology},
    Year = {2014}}

@article{mitchell,
    Author = {Mitchell, R K and Agle, B R and Wood, DJ},
    Journal = {Academy of management review},
    Volume = {22},
    Number = {4},
    Pages = {853-886},
    Title = {Toward a theory of stakeholder identification and salience: Defining the principle of who and what really count},
    Year = {1997}}
    
@article{mobasher,
    Author = {Mobasher, B and Cleland-Huang, J},
    Year = {2011},
    Title = {Recommender Systems in Requirements Engineering},
    Journal = {AI Magazine},
    Volume = {32},
    Number = {3},
    Pages = {81-89}
}
    
@book{moretti,
    Author = {Moretti, E},
    Year = {2012},
    Title = {The new geography of jobs},
    Publisher = {Houghton Mifflin Harcourt}
}

@book{moreno,
    Author = {Moreno, J},
    Year = {1951},
    Title = {Sociometry, Experimental Method and the Science of Society: An Approach to a New Political Orientation},
    Publisher = {Beacon House}
}   

@article{narayan,
    Author = {Narayan, S and Simoes, G and Ma, J and Craighead, H and Mcdonald, M},
    Title = {QURIOUS: Question Generation Pretraining for Text Generation},
    Year = {2020},
    Journal = {arXiv preprint}
}

@article{newcombe,
    Author = {Newcombe, R },
    Journal = {Construction management and economics},
    Volume = {21},
    Number = {8},
    Pages = {841-848},
    Title = {From client to project stakeholders: a stakeholder mapping approach},
    Year = {2003}}
    
@article{paech,
    Author = {Paech, B and Reuschenbach, B},
    Year = {2006},
    Journal = {In 14th IEEE International Requirements Engineering Conference (RE'06) IEEE},
    Pages = {257-262},
    Title = {Open source requirements engineering}
}


@article{pagano,
    Author = {Pagano, D and Maalej, W},
    Title = {User Feedback in the AppStore: An Empirical Study},
    Journal = {In Proc. RE 2013},
    Year = {2013},
    Pages = {125-134}
}

@article{pan,
    Author = {Pan, SJ and Yang, Q},
    Year = {2009},
    Title = {A survey on transfer learning},
    Journal = {IEEE Transactions on knowledge and data engineering},
    Volume = {22},
    Number = {10},
    Pages = {1345-1359}
}

@book{parnell,
    Author = {Parnell, G S},
    Publisher = {John Wiley \& Sons},
    Title = {Trade-off analytics: creating and exploring the system tradespace},
    Year = {2016}}
    
@article{gpt,
    Author = {Radford, A and Narasimhan, K and Salimans, T and Sutskever, I},
    Title = {Improving language understanding by generative pre-training},
    Year = {2018},
    Journal = {arXiv preprint}
}
    
@article{regnell,
    Author = {Regnell, B and Binkkemper, S},
    Year = {2005},
    Title = {Market-driven requirements engineering for software products},
    Journal = {In Engineering and managing software requirements},
    Pages = {287-308}
}

@article{robinson,
    Author = {Robinson, W and Vlas, R},
    Journal = {Construction management and economics},
    Title = {Requirements evolution and project success: an analysis of SourceForge projects},
    Year = {2015}}
    
@article{sainani,
    Author = {Sainani, A and Anish, PR and Joshi, V and Ghaisas, M},
    Title = {Extracting and Classifying Requirements from Software Engineering Contracts},
    Journal = {2020 IEEE 28th International Requirements Engineering Conference (RE)},
    Pages = {147-157},
    Year = {2020}
}

@article{santos,
    Author = {Santos, R and Groen, E and Villela, K},
    Year = {2019},
    Title = {An Overview of User Feedback Classification Approaches},
    Journal = {REFSQ Workshops}
}

@article{scacchi,
    Author = {Scacchi, W},
    Journal = {Design Requirements Engineering},
    Year = {2009},
    Pages = {467-494},
    Title = {Understanding requirements for open source software}
}
    
@article{schenk,
    Author = {Schenk, E and Guittard, C},
    Journal = {Journal of Innovation Economics Management},
    Title = {Towards a characterization of crowdsourcing practices},
    Volume = {1},
    Pages = {93-107},
    Year = {2011}
}

@article{schenk2,
  Title = {Crowdsourcing: What can be Outsourced to the Crowd, and Why?},
  Author = {Schenk, E and Guittard, C},
  Journal = {INSA de Strasbourg},
  Year = {2009}
}

@book{sen,
    Author = {Sen, A and Foster, J E},
    Publisher = {Oxford University Press},
    Title = {On economic inequality},
    Address = {Oxford},
    Year = {1997}}
    
@article{setia,
    Author = {Setia, P and Rajagopalan, B and Sambamurthy, V and Calantone, R},
    Journal = {Information Systems Research},
    Title = {How peripheral developers contribute to open-source software development},
    Pages = {144-163},
    Year = {2012}

}

@article{sharp,
    Author = {Sharp, H and Finkelstein, A and  Galal, G},
    Journal = {Proceedings. Tenth International Workshop on Database and Expert Systems Applications},
    Volume = {99},
    Pages = {387-391},
    Title = {Stakeholder identification in the requirements engineering process},
    Year = {1999}}
    
@article{slaughter,
    Author = {Slaughter, A M},
    Year = {2009},
    Title = {America's edge: Power in the networked century},
    Journal = {Foreign affairs},
   Pages = {94-113}
}

@article{snijders,
    Author = {Snijders, R and Dalpiaz, F and Hosseini, M and Shahri, A and Ali, R},
    Journal = {2014 IEEE/ACM 7th International Conference on Utility and Cloud Computing},
    Pages = {614-615},
    Title = {Crowd-centric requirements engineering},
    Year = {2014}}

@article{snijders2,
    Author = {Snijders, R and Atilla, O and Dalpiaz, F and Brinkkemper, S},
    Journal = {Technical Report Series, (UU-CS-2015-004},
    Title = {Crowd-Centric Requirements Engineering: A method based on crowdsourcing and gamification},
    Year = {2015}}
    
@article{stewart,
    Author = {Stewart, KJ and Gosain, S},
    Year = {2006},
    Title = {The impact of ideology on effectiveness in open source development teams},
    Journal = {MIS Quarterly},
    Pages = {291-314}
}

@article{stol,
    Author = {Stol, K J and LaToza, TD and Bird, C},
    Journal = {IEEE software},
    Volume = {32},
    Number = {2},
    Title = {Crowdsourcing for software engineering},
    Pages = {30-36},
    Year = {2017}}
    
@book{surowiecki,
    Author = {Surowiecki, J},
    Publisher = {Doubleday},
    Address = {New York},
    Title = {The Wisdom of Crowds: Why the Many are Smarter than the Few and How Collective Wisdom Shapes Business, Economies, Societies, and Nations},
    Year = {2004}
}

@article{toral,
    Author = {Toral, S L and Martínez-Torres, M D R and Barrero, F},
    Journal = {Information and Software Technology},
    Volume = {52},
    Number = {3},
    Title = {Analysis of virtual communities supporting OSS projects using social network analysis},
    Pages = {296-303},
    Year = {2010}}

@book{ullman,
    Author = {Ullman, J B and Bentler, P M},
    Publisher = {Handbook of psychology},
    Title = {Structural equation modeling},
    Pages = {607-634},
    Year = {2003}}
    
@book{dodaf,
    Author = {US Department of Defense},
    Publisher = {US Department of Defense},
    Address = {Washington, DC},
    Year = {2009},
    Title = {DoD architecture framework version 2.0},
    Volume = {1}
}

@article{vasilyev,
    Author = {Vasilyev, O and Evans, K and Venancio-Marques, A and Bohannon, J},
    Title = {Zero-shot topic generation},
    Journal = {arXiv preprint},
    Year = {2020}
}

@article{vaswani,
    Author = {Vaswani, A and Shazeer, N and Parmar, N and Uszkoreit, J and Jones, L and Gomez, A and Kaiser, L and Polosukhin, I},
    Title = {Attention is all you need},
    Journal = {Advances in neural information processing systems},
    Year = {2017},
    Pages = {5998-6008}
}

@article{veall,
    Author = {Veall, M R and Zimmermann, K F},
    Journal = {Journal of Economic surveys},
    Volume = {10},
    Number = {3},
    Title = {Pseudo‐R2 measures for some common limited dependent variable models},
    Pages = {241-259},
    Year = {1996}}
    
@article{vukovic,
    Author = {Vukovic, M},
    Title = {Crowdsourcing for enterprises},
    Journal = {Proceedings of the 2009 IEEE Congress on Services},
    Year = {2009},
    Pages = {686-692}
}

@book{wackerly,
    Author = {Wackerly, D and Mendenhall, W and Scheaffer, R L},
    Publisher = {Cengage Learning},
    Title = {Mathematical statistics with applications},
    Pages = {477-485},
    Year = {2014}}

@article{watts,
    Author = {Watts, D J and Strogatz, S H},
    Journal = {Nature},
    Volume = {393},
    Number = {6684},
    Title = {Collective dynamics of ‘small-world’ networks},
    Pages = {440},
    Year = {1998}}
    
@article{wang,
    Author = {Wang, C and Daneva, M and van Sinderen, M and Liang, P},
    Title = {A Systematic Mapping Study on Crowdsourced Requirements Engineering using User Feedback},
    Journal = {J Softw. Evol. Proc},
    Volume = {31},
    Number = {10},
    Year = {2019}
}

@article{winkler,
    Author = {Winkler, J and Vogelsang, A},
    Title = {Automatic classification of requirements based on convolutional neural networks},
    Journal = {2016 IEEE 24th International Requirements Engineering Conference Workshops (REW)},
    Pages = {39-45},
    Year = {2016}
}

@article{wood,
    Author = {Wood, J and Sarkani, S and Mazzuchi, T and Eveleigh, T},
    Journal = {Systems engineering},
    Volume = {16},
    Number = {3},
    Title = {A framework for capturing the hidden stakeholder system},
    Pages = {251-266},
    Year = {2013}}

@book{wooldridge,
    Author = {Wooldridge, J M},
    Publisher = {Cengage Learning},
    Title = {Nelson Education},
    Pages = {60-62},
    Address = {Scarborough, ON},
    Year = {2015}}
    
@article{yamada,
    Author = {Yamada, I and Asai, A and Shindo, H and Takeda, H and Matsumoto, Y},
    Year = {2020},
    Title = {LUKE: Deep Contextualized Entity Representations with Entity-aware Self-attention},
    Journal = {arXiv preprint}
}

@article{yitzhaki,
    Author = {Yitzhaki, S},
    Journal = {The quarterly journal of economics},
    Title = {Relative deprivation and the Gini coefficient},
    Pages = {321-324},
    Year = {1979}}

@misc{php,
  author       = {York, J}, 
  title        = {Awesome PHP},
  howpublished = {GitHub Repository},
  month        = {June},
  year         = {2019},
  note         = {https://github.com/ziadoz/awesome-php}
}

@article{xlnet,
    Author = {Yang, Z and Dai, Z and Yang, Y and Carbonell, J and Salakhutdinov, RR and Le Q},
    Title = {Xlnet: Generalized autoregressive pretraining for language understanding},
    Journal = {Advances in neural information processing systems},
    Year = {2019},
    Pages = {5753-5763}
}

@article{zhao,
    Author = {Zhao, L and Alhoshan, W and Ferrari A and Letsholo, K and Ajagbe M and Chioasca E and Batista-Navarro, R},
    Title = {Natural Language Processing (NLP) for Requirements Engineering: A Systematic Mapping Study},
    Year = {2020},
    Journal = {arXiv preprint}
}